<record><leader>00000cas a22000007a 4500</leader><controlfield tag="001">21554456</controlfield><controlfield tag="008">900518d19521974nhudr n       0    0eng d</controlfield><datafield ind1=" " ind2=" " tag="010"><subfield code="a">sn 90062254 </subfield></datafield><datafield ind1=" " ind2=" " tag="040"><subfield code="a">NVH</subfield><subfield code="b">eng</subfield><subfield code="c">NVH</subfield><subfield code="d">OCL</subfield><subfield code="d">OCLCQ</subfield></datafield><datafield ind1=" " ind2=" " tag="042"><subfield code="a">msc</subfield></datafield><datafield ind1="0" ind2=" " tag="130"><subfield code="a">Daily eagle (Claremont, N.H.)</subfield></datafield><datafield ind1="1" ind2="4" tag="245"><subfield code="a">The Daily eagle.</subfield></datafield><datafield ind1="3" ind2="0" tag="246"><subfield code="a">Sunday eagle times</subfield></datafield><datafield ind1=" " ind2=" " tag="260"><subfield code="a">Claremont, N.H. :</subfield><subfield code="b">Claremont Pub.</subfield></datafield><datafield ind1=" " ind2=" " tag="300"><subfield code="a">v.</subfield></datafield><datafield ind1=" " ind2=" " tag="310"><subfield code="a">Daily</subfield></datafield><datafield ind1="0" ind2=" " tag="362"><subfield code="a">Vol. 39, no. 1 (Jan. 2, 1952)-v. 60, no. 254 (Oct. 31, 1974).</subfield></datafield><datafield ind1=" " ind2=" " tag="500"><subfield code="a">On Sundays published as: Sunday eagle times, Oct. 6-27, 1974.</subfield></datafield><datafield ind1=" " ind2=" " tag="515"><subfield code="a">Sunday issues have their own numbering.</subfield></datafield><datafield ind1=" " ind2=" " tag="752"><subfield code="a">United States</subfield><subfield code="b">New Hampshire</subfield><subfield code="c">Sullivan</subfield><subfield code="d">Claremont.</subfield></datafield><datafield ind1="0" ind2="0" tag="780"><subfield code="t">Claremont daily eagle</subfield><subfield code="w">(DLC)sn 90062051</subfield></datafield><datafield ind1="0" ind2="7" tag="785"><subfield code="t">Springfield Bellows Falls times reporter</subfield></datafield><datafield ind1="0" ind2="7" tag="785"><subfield code="t">Eagle times</subfield><subfield code="w">(DLC)sn 90062255</subfield></datafield></record>